


@misc{ddd,
title={Domain Driven Development},
url={https://docs.microsoft.com/en-us/dotnet/architecture/microservices/microservice-ddd-cqrs-patterns/ddd-oriented-microservice},
month   = 2,
year    = 2020,
},
@misc{twitterlimits,
title={Twitter rate limits},
url={https://developer.twitter.com/en/docs/basics/rate-limits},
month   = 2,
year    = 2020,
},

@misc{kafka,
title={Apache Kafka},
url={https://kafka.apache.org},
month   = 2,
year    = 2020,
},

@misc{hadoop,
title={Apache Hadoop},
url={https://hadoop.apache.org},
month   = 2,
year    = 2020,
},

@misc{pub-sub,
title={Pub/sub messaging},
url={https://aws.amazon.com/pub-sub-messaging/},
month   = 2,
year    = 2020,
},

@misc{java,
title={Java},
url={https://www.java.com/en/},
month   = 2,
year    = 2020,
},

@misc{maven,
title={Maven},
url={https://maven.apache.org},
month   = 2,
year    = 2020,
},

@misc{postgresql,
title={PostgreSQL},
url={https://www.postgresql.org},
month   = 2,
year    = 2020,
},

@misc{elastic,
title={Elasticsearch},
url={https://www.elastic.co/elasticsearch},
month   = 2,
year    = 2020,
},

@misc{elkstack,
title={ELK Stack},
url={https://www.elastic.co/what-is/elk-stack},
month   = 2,
year    = 2020,
},

@misc{logstash,
title={Logstash},
url={https://www.elastic.co/logstash},
month   = 2,
year    = 2020,
},

@misc{kibana,
title={Kibana},
url={https://www.elastic.co/kibana},
month   = 2,
year    = 2020,
},

@misc{spring,
title={Spring framework},
url={https://spring.io},
month   = 2,
year    = 2020,
},

@misc{ioc,
title={Inversion of control},
url={https://en.wikipedia.org/wiki/Inversion_of_control},
month   = 2,
year    = 2020,
},

@misc{springsec,
title={Spring Security},
url={https://spring.io/projects/spring-security},
month   = 2,
year    = 2020,
},

@misc{mongo,
title={MongoDB},
url={https://www.mongodb.com},
month   = 2,
year    = 2020,
},
@misc{reddit,
title={reddit},
url={www.reddit.com},
month   = 2,
year    = 2020,
},
@misc{twitter,
title={Twitter},
url={www.twitter.com},
month   = 2,
year    = 2020,
},

@misc{CES,
title={Consumer Electronic Show 2020},
url={https://www.ces.tech/},
month   = 2,
year    = 2020,
}

@misc{Twitterscraper,
title={Twitterscraper} , 
url={https://github.com/taspinar/twitterscraper},
month   = 2,
year    = 2020,
} ,

@misc{Monitora,
title={Monitora} ,
url={https://monitora.cz/monitoring-medii/},
month   = 2,
year    = 2020,
}, 

@misc{ZoomSphere,
title={ZoomSphere}, 
url={https://www.zoomsphere.com/},
month   = 2,
year    = 2020,
},

@misc{Buffer,
title={Buffer},
url={https://buffer.com/},
month   = 2,
year    = 2020,
},

@misc{SocialBakers,
title={SocialBakers},
url={https://www.socialbakers.com},
month   = 2,
year    = 2020,
}

@misc{AngularDart,
title={AngularDart},
url={https://angulardart.dev/},
month   = 2,
year    = 2020,
}

@misc{AngularDartRouting,
title={AngularDart Routing},
url={https://angulardart.dev/tutorial/toh-pt5},
month   = 2,
year    = 2020,
}

@misc{AngularDartComponents,
title={Angular Components},
url={https://dart-lang.github.io/angular_components},
month   = 2,
year    = 2020,
}

@misc{MaterialDesign,
title={Material Design},
url={https://material.io/design/},
month   = 2,
year    = 2020,
}

@misc{DartHttpPackage,
title={Dart's http pacakge},
url={https://pub.dev/packages/http},
month   = 2,
year    = 2020,
}

@misc{SCSSMixin,
title={SCSS Mixin},
url={https://sass-lang.com/documentation/at-rules/mixin},
month   = 2,
year    = 2020,
}

@misc{MaterialPaletteTool,
title={Material color palette creation tool},
url={http://mcg.mbitson.com/#!?mcgpalette0=\%233f51b5},
month   = 2,
year    = 2020,
}

@misc{DartJSPackage,
title={Dart's js package},
url={https://api.dart.dev/stable/2.7.1/dart-js/dart-js-library.html},
month   = 2,
year    = 2020,
}

@misc{JSToastrLibrary,
title={Toastr library},
url={https://codeseven.github.io/toastr/},
month   = 2,
year    = 2020,
}

@misc{JSD3Library,
title={D3JS library},
url={https://d3js.org/},
month   = 2,
year    = 2020,
}

@misc{Gulp,
title={Gulp package},
url={https://gulpjs.com/},
month   = 2,
year    = 2020,
}

@misc{dotnetHttpClient,
title={.NET's HTTP client},
url={https://docs.microsoft.com/en-us/dotnet/api/system.net.http.httpclient?view=netcore-2.2},
month   = 2,
year    = 2020,
}

@misc{DartSDK,
title={Dart SDK},
url={https://dart.dev/get-dart},
month   = 2,
year    = 2020,
},
@misc{googleFlu,
title   ={Google Flu Trend},
url     ={https://en.wikipedia.org/wiki/Google_Flu_Trends},
month   = 2,
year    = 2020,
},
@misc{monitoraSources,
title   ={Monitora Data Sources},
url     ={https://monitora.cz/monitoring-medii/},
month   =2,
year    =2020
},
@misc{monitoraAnalysis,
title   ={Monitora Analyses},
url     ={https://monitora.cz/analyza-medii/},
month   =2,
year    =2020
},
@misc{socialBakersAnalysis,
title   ={Social Bakers Analyses},
url     ={https://www.socialbakers.com/solution/measurement-and-reporting},
month   =2,
year    =2020
},
@misc{zoomSphereAnalytics,
title   ={Zoom Sphere Analytics},
url     ={https://www.zoomsphere.com/analytics},
month   =2,
year    =2020
},
@misc{socialBakersPartnership,
title   ={Social Bakers Partnership Program},
url     ={https://www.socialbakers.com/integrations-and-partnerships},
month   =2,
year    =2020
},
@misc{monitoraExtensibility,
title   ={Monitora Extensibility Services},
url     ={https://monitora.cz/kontakt/#sluzby},
month   =2,
year    =2020
},
@misc{googleFluClosed,
title   ={Google Flu Trends Closing Notice},
url     ={https://www.google.org/flutrends/about/},
month   =2,
year    =2020
}



@article{bert,
  author    = {Jacob Devlin and
               Ming{-}Wei Chang and
               Kenton Lee and
               Kristina Toutanova},
  title     = {{BERT:} Pre-training of Deep Bidirectional Transformers for Language
               Understanding},
  journal   = {CoRR},
  volume    = {abs/1810.04805},
  year      = {2018},
  url       = {http://arxiv.org/abs/1810.04805},
  archivePrefix = {arXiv},
  eprint    = {1810.04805},
  timestamp = {Tue, 30 Oct 2018 20:39:56 +0100},
  biburl    = {https://dblp.org/rec/bib/journals/corr/abs-1810-04805},
  bibsource = {dblp computer science bibliography, https://dblp.org}
}
,
@misc{FBdata,
title={Facebook Data for Sentiment Analysis},
url={https://lindat.mff.cuni.cz/repository/xmlui/handle/11858/00-097C-0000-0022-FE82-7}
},
@misc{NLTK,
title={Natural Language Toolkit},
url={https://www.nltk.org/}
},

@misc{Gensim,
title={Gensim},
url={https://radimrehurek.com/gensim/}
},

@misc{topicks,
title={Topics Czech Topic Detection},
url={https://nlp.fi.muni.cz/projekty/topicks/process.py}
},
@misc{licence,
title={Licence},
url={https://nlp.fi.muni.cz/en/LicenceWebService}
},
@misc{nlpcentre,
title={Natural Language Processing Centre of Masaryk University},
url={https://nlp.fi.muni.cz/cs/CentrumZpracovaniPrirozenehoJazyka}
},
@misc{airlines,
title={Twitter US Airline Sentiment},
url={https://www.kaggle.com/crowdflower/twitter-airline-sentiment}
}

,
@article{subjectivity,
Author = {Montoyo, Andres and Martinez-Barco, Patricio and Balahur, Alexandra},
ISSN = {01679236},
Journal = {DECISION SUPPORT SYSTEMS},
Keywords = {Subjectivity analysis, Sentiment analysis, Opinion mining, Emotion detection, Text mining, Social media mining, Social network mining},
Number = {4},
Pages = {675 - 679},
Title = {Subjectivity and sentiment analysis: An overview of the current state of the area and envisaged developments.},
Volume = {53},
URL = {https://search.ebscohost.com/login.aspx?authtype=shib&custid=s1240919&profile=eds},
Year = {n.d.},
},
@misc{bert_tutorial,
title={Sentiment Analysis with Bert},
url={https://medium.com/southpigalle/how-to-perform-better-sentiment-analysis-with-bert-ba127081eda}
},
@misc{sotasentiment,
title={SOTA Sentiment Analysis},
url={http://nlpprogress.com/english/sentiment_analysis.html}
},
@book{ veselovska-2017,
title = {Sentiment analysis in Czech},
author = {Kate\v{r}ina Veselovsk\'{a}},
year = {2017},
publisher = {{\'{U}}{FAL}},
organization = {Univerzita Karlova},
address = {Praha, Czechia},
series = {Studies in Computational and Theoretical Linguistics},
volume = {16},
isbn = {978-80-88132-03-5},
},
@misc{sentiment_datasets,
title={Sentiment analysis resourcees},
url={http://liks.fav.zcu.cz/sentiment/}
},

@misc{TMWiki,
title={Topic Model},
url={https://en.wikipedia.org/wiki/Topic_model}

}

@misc{tags,
title={Annotation in SpaCy},
url={https://spacy.io/api/annotation}}

@misc{SpaCy,
title={SpaCy},
url={https://spacy.io/}

}


@misc{Ktrain,
title={Ktrain},
url={https://github.com/amaiya/ktrain}

}

@Article{
ngram_embedd,
author={Sankar,Varsha and Patil, Radhika Pramod and Mahajan, Deepti Sanjay},
title={Word2Vec using Character n-grams}
}



@misc{nltk_vs_spacy,
title={ner with NLTK and spaCy} ,
url = {https://towardsdatascience.com/named-entity-recognition-with-nltk-and-spacy-8c4a7d88e7da}}

@Article{LSA,
  author={Scott Deerwester and Susan T. Dumais and George W. Furnas and Thomas K. Landauer and Richard Harshman},
  title={{Indexing by latent semantic analysis}},
  journal={Journal of the American Society for Information Science},
  year=1990,
  volume={41},
  number={6},
  pages={391-407},
  month={September},
  keywords={},
  doi={10.1002/(SICI)1097-4571(1},
  abstract={A new method for automatic indexing and retrieval is described. The approach is to take advantage of implicit higher‐order structure in the association of terms with documents (“semantic structure”) in order to improve the detection of relevant documents on the basis of terms found in queries. The particular technique used is singular‐value decomposition, in which a large term by document matrix is decomposed into a set of ca. 100 orthogonal factors from which the original matrix can be approximated by linear combination. Documents are represented by ca. 100 item vectors of factor weights. Queries are represented as pseudo‐document vectors formed from weighted combinations of terms, and documents with supra‐threshold cosine values are returned. Initial tests find this completely automatic method for retrieval to be promising. © 1990 John Wiley \& Sons, Inc.},
  url={https://ideas.repec.org/a/bla/jamest/v41y1990i6p391-407.html}
}

@article{LDA,
Abstract = {We describe latent Dirichlet allocation (LDA), a generative probabilistic model for collections of discrete data such as text corpora. LDA is a three-level hierarchical Bayesian model, in which each item of a collection is modeled as a finite mixture over an underlying set of topics. Each topic is, in turn, modeled as an infinite mixture over an underlying set of topic probabilities. In the context of text modeling, the topic probabilities provide an explicit representation of a document. We present efficient approximate inference techniques based on variational methods and an EM algorithm for empirical Bayes parameter estimation. We report results in document modeling, text classification, and collaborative filtering, comparing to a mixture of unigrams model and the probabilistic LSI model. [ABSTRACT FROM AUTHOR]},
Author = {Blei, David M. and Ng, Andrew Y. and Jordan, Michael I. and Lafferty, John},
ISSN = {15324435},
Journal = {Journal of Machine Learning Research},
Keywords = {MACHINE learning, CORRELATION (Statistics), ALGORITHMS, ESTIMATION theory, DIRICHLET forms, BAYESIAN analysis},
Number = {4/5},
Pages = {993 - 1022},
Title = {Latent Dirichlet Allocation.},
Volume = {3},
URL = {https://search.ebscohost.com/login.aspx?authtype=shib&custid=s1240919&profile=eds},
Year = {2003},
}

@article{NERpaper,
  author    = {Emma Strubell and
               Patrick Verga and
               David Belanger and
               Andrew McCallum},
  title     = {Fast and Accurate Sequence Labeling with Iterated Dilated Convolutions},
  journal   = {CoRR},
  volume    = {abs/1702.02098},
  year      = {2017},
  url       = {http://arxiv.org/abs/1702.02098},
  archivePrefix = {arXiv},
  eprint    = {1702.02098},
  timestamp = {Mon, 13 Aug 2018 16:47:10 +0200},
  biburl    = {https://dblp.org/rec/bib/journals/corr/StrubellVBM17},
  bibsource = {dblp computer science bibliography, https://dblp.org}
}

@misc{NERSpacy,
url={https://github.com/explosion/spaCy/issues/2107},
title={Details/paper used for recent NER implementation}
}

@misc{TwitterNerComparison,
url={http://blog.thehumangeo.com/twitter-ner.html},
title={Named Entity Recognition for Twitter}
}

@misc{SentimentGlue,
url={https://gluebenchmark.com/tasks/},
title = {GLUE tasks}}

@book{NLTKbook,
author = {Bird, Steven and Klein, Ewan and Loper, Edward},
title = {Natural Language Processing with Python},
year = {2009},
isbn = {0596516495},
publisher = {O’Reilly Media, Inc.},
edition = {1st}
}


@book{DeeplearningBook,
author = {Goodfellow, Ian and Bengio, Yoshua and Courville, Aaron},
title = {Deep Learning},
year = {2016},
isbn = {9780262035613},
publisher = {Massachusetts Institute of Technology}
}

@misc{PDT35,
url={https://ufal.mff.cuni.cz/pdt3.5},
title = {PDT 3.5 Main page}}

@article{DBLP,
  author    = {Kaiming He and
               Xiangyu Zhang and
               Shaoqing Ren and
               Jian Sun},
  title     = {Deep Residual Learning for Image Recognition},
  journal   = {CoRR},
  volume    = {abs/1512.03385},
  year      = {2015},
  url       = {http://arxiv.org/abs/1512.03385},
  archivePrefix = {arXiv},
  eprint    = {1512.03385},
  timestamp = {Wed, 17 Apr 2019 17:23:45 +0200}
}

@misc{mikolov2013efficient,
    title={Efficient Estimation of Word Representations in Vector Space},
    author={Tomas Mikolov and Kai Chen and Greg Corrado and Jeffrey Dean},
    year={2013},
    eprint={1301.3781},
    archivePrefix={arXiv},
    primaryClass={cs.CL}
}

@article{Wolf2019HuggingFacesTS,
  title={HuggingFace's Transformers: State-of-the-art Natural Language Processing},
  author={Thomas Wolf and Lysandre Debut and Victor Sanh and Julien Chaumond and Clement Delangue and Anthony Moi and Pierric Cistac and Tim Rault and R'emi Louf and Morgan Funtowicz and Jamie Brew},
  journal={ArXiv},
  year={2019},
  volume={abs/1910.03771}
}

@book{diane1995final,
  title={Final Evaluation Of The Results Of Eurotra: A Specific Programme Concerning The Preparation Of The Development Of An Operational Eurotra System For Machine Translation},
  author={DIANE Publishing Company},
  isbn={9780788109997},
  url={https://books.google.cz/books?id=\_TVpIqThJP0C},
  year={1995},
  publisher={Diane Publishing Company}
}

@book{daume2006practical,
  title={Practical structured learning techniques for natural language processing},
  author={Daume, Harold Charles and Marcu, Daniel},
  year={2006},
  publisher={Citeseer}
}

@misc{wnut,
title={Workshop on Noisy User-generated Text (W-NUT)},
accessed={26.2.2020},
url = {https://noisy-text.github.io/2017/index.html#}
}

@article{vaswani1706attention,
  title={Attention Is All You Need. arXiv 2017},
  year={2017},
  author={Vaswani, A and Shazeer, N and Parmar, N and Uszkoreit, J and Jones, L and Gomez, AN and Kaiser, L and Polosukhin, I},
  journal={arXiv preprint arXiv:1706.03762}
}

@misc{chollet2015keras,
  title={Keras},
  author={Chollet, Fran\c{c}ois and others},
  year={2015},
  publisher={GitHub},
  howpublished={\url{https://github.com/fchollet/keras}},
}

@misc{tensorflow2015-whitepaper,
title={ {TensorFlow}: Large-Scale Machine Learning on Heterogeneous Systems},
url={https://www.tensorflow.org/},
note={Software available from tensorflow.org},
author={
    Mart\'{\i}n~Abadi and
    Ashish~Agarwal and
    Paul~Barham and
    Eugene~Brevdo and
    Zhifeng~Chen and
    Craig~Citro and
    Greg~S.~Corrado and
    Andy~Davis and
    Jeffrey~Dean and
    Matthieu~Devin and
    Sanjay~Ghemawat and
    Ian~Goodfellow and
    Andrew~Harp and
    Geoffrey~Irving and
    Michael~Isard and
    Yangqing Jia and
    Rafal~Jozefowicz and
    Lukasz~Kaiser and
    Manjunath~Kudlur and
    Josh~Levenberg and
    Dandelion~Man\'{e} and
    Rajat~Monga and
    Sherry~Moore and
    Derek~Murray and
    Chris~Olah and
    Mike~Schuster and
    Jonathon~Shlens and
    Benoit~Steiner and
    Ilya~Sutskever and
    Kunal~Talwar and
    Paul~Tucker and
    Vincent~Vanhoucke and
    Vijay~Vasudevan and
    Fernanda~Vi\'{e}gas and
    Oriol~Vinyals and
    Pete~Warden and
    Martin~Wattenberg and
    Martin~Wicke and
    Yuan~Yu and
    Xiaoqiang~Zheng},
  year={2015},
}

@article{smith2018disciplined,
  title={A disciplined approach to neural network hyper-parameters: Part 1--learning rate, batch size, momentum, and weight decay},
  author={Smith, Leslie N},
  journal={arXiv preprint arXiv:1803.09820},
  year={2018}
}








